<?xml version="1.0" encoding="UTF-8"?><collection xmlns="http://www.loc.gov/MARC21/slim"><record><leader>00526nam--2200133-i-4500</leader><controlfield tag="001">000012776</controlfield><controlfield tag="002">20161230</controlfield><controlfield tag="005">20161230201030</controlfield><controlfield tag="008">060222s1000------------r-----000-0-eng-d</controlfield><datafield ind1=" " ind2=" " tag="080"><subfield code="a">543.51(043)</subfield></datafield><datafield ind1=" " ind2=" " tag="100"><subfield code="a">Chatillon,Christian</subfield></datafield><datafield ind1=" " ind2=" " tag="245"><subfield code="a">Contribution a l etude par spectrometre de masse des phases metalliques a haute temperatu re.conditions de validite de methode de mesure et l activite an application au systeme aluminium-silicium.these</subfield></datafield><datafield ind1=" " ind2=" " tag="260"><subfield code="a">Grenoble,Universite Scientifique Et Medicine, 1975. 113p</subfield></datafield><datafield ind1=" " ind2=" " tag="852"><subfield code="a">46388</subfield></datafield></record></collection>